<record><leader>00000cas a22000007a 4500</leader><controlfield tag="001">16898629</controlfield><controlfield tag="008">871026d19241938ohudn ne      0    0eng d</controlfield><datafield ind1=" " ind2=" " tag="010"><subfield code="a">sn 87076769 </subfield></datafield><datafield ind1=" " ind2=" " tag="040"><subfield code="a">ONP</subfield><subfield code="b">eng</subfield><subfield code="c">ONP</subfield><subfield code="d">OCLCQ</subfield></datafield><datafield ind1=" " ind2=" " tag="042"><subfield code="a">msc</subfield></datafield><datafield ind1="0" ind2=" " tag="130"><subfield code="a">Fremont messenger (Fremont, Ohio : 1924)</subfield></datafield><datafield ind1="1" ind2="4" tag="245"><subfield code="a">The Fremont messenger.</subfield></datafield><datafield ind1=" " ind2=" " tag="260"><subfield code="a">Fremont, Ohio :</subfield><subfield code="b">Fremont Print. Co.,</subfield><subfield code="c">1924-1938.</subfield></datafield><datafield ind1=" " ind2=" " tag="310"><subfield code="a">Daily (except Sun. and holidays)</subfield></datafield><datafield ind1="0" ind2=" " tag="362"><subfield code="a">74th year, no. 286 (Dec. 2, 1924)-Oct. 1, 1938.</subfield></datafield><datafield ind1=" " ind2=" " tag="752"><subfield code="a">United States</subfield><subfield code="b">Ohio</subfield><subfield code="c">Sandusky</subfield><subfield code="d">Fremont.</subfield></datafield><datafield ind1="0" ind2="0" tag="780"><subfield code="t">Fremont daily messenger (Fremont, Ohio : 1913)</subfield><subfield code="w">(DLC)sn 87076768</subfield></datafield><datafield ind1="0" ind2="7" tag="785"><subfield code="t">Fremont daily news</subfield><subfield code="w">(DLC)sn 87076767</subfield></datafield><datafield ind1="0" ind2="7" tag="785"><subfield code="t">Fremont news-messenger</subfield><subfield code="w">(DLC)sn 85038236</subfield></datafield></record>